@book{Peller2003,
    author = {Vladimir V Peller},
    title = {Hankel Operators and Their Applications},
    publisher = {Springer-Verlag New York},
    year = {2003},
    address = {New York, NY, USA}
}

@book{Connes94,
    author = {Alain Connes},
    title = {Noncommutative Geometry},
    publisher = {InterEditions Paris},
    year = {1994},
    address = {Paris, France}
}

@book{Grafakos1,
    author = {Loukas Grafakos},
    title = {Classical Fourier Analysis},
    publisher = {Springer Graduate Texts},
    year = {2008}
}

@book{Grafakos2,
    author = {Loukas Grafakos},
    title = {Modern Fourier Analysis},
    publisher = {Springer Graduate Texts},
    year = {2008}
}


@article{CST,
    title={Quasiconformal mappings, operators on Hilbert space, and local formulae for characteristic classes},
    author={Connes, Alain and Sullivan, Dennis and Teleman, Nicolas},
    journal={Topology},
    volume={33},
    number={4},
    pages={663--681},
    year={1994},
    publisher={Elsevier}
}

